<?xml version="1.0" encoding="UTF-8"?>
<record xmlns="http://www.loc.gov/MARC21/slim" xmlns:xsi="http://www.w3.org/2001/XMLSchema-instance" xsi:schemaLocation="http://www.loc.gov/MARC21/slim http://www.loc.gov/standards/marcxml/schema/MARC21slim.xsd">
<leader>     nam a2200193   4500</leader>
<controlfield tag="001">002234730</controlfield>
<controlfield tag="003">NNU</controlfield>
<controlfield tag="005">19950706172828.0</controlfield>
<controlfield tag="008">810316m19491950le            000 0 ara d</controlfield>
<datafield tag="035" ind1="9" ind2=" ">
<subfield code="a">NYUb11296257</subfield>
</datafield>
<datafield tag="035" ind1=" " ind2=" ">
<subfield code="a">GLIS00274690X</subfield>
</datafield>
<datafield tag="035" ind1=" " ind2=" ">
<subfield code="a">(CStRLIN)NYUG7227706B</subfield>
</datafield>
<datafield tag="040" ind1=" " ind2=" ">
<subfield code="a">*RETROCON/NYGG (ZYU)*</subfield>
<subfield code="c">NNU</subfield>
<subfield code="d">NNU</subfield>
<subfield code="d">CStRLIN</subfield>
</datafield>
<datafield tag="041" ind1="1" ind2=" ">
<subfield code="a">araeng</subfield>
</datafield>
<datafield tag="100" ind1="1" ind2=" ">
<subfield code="a">Robinson, Edward,</subfield>
<subfield code="d">1794-1863.</subfield>
</datafield>
<datafield tag="245" ind1="1" ind2="0">
<subfield code="a">Biblical researches in Palestine and in the adjacent regions;</subfield>
<subfield code="b">a journal of travels in the year 1838;</subfield>
<subfield code="c">by E. Robinson and E. Smith, London, 1860.</subfield>
</datafield>
<datafield tag="260" ind1=" " ind2=" ">
<subfield code="a">Beirut, Lebanon,</subfield>
<subfield code="c">1949-50.</subfield>
</datafield>
<datafield tag="300" ind1=" " ind2=" ">
<subfield code="a">3 v.</subfield>
<subfield code="b">25 cm.</subfield>
</datafield>
<datafield tag="500" ind1=" " ind2=" ">
<subfield code="a">Title in Arabic and English. The text is an Arabic translation from the English.</subfield>
</datafield>
<datafield tag="OWN" ind1=" " ind2=" ">
<subfield code="a">GENERAL</subfield>
</datafield>
<datafield tag="950" ind1=" " ind2=" ">
<subfield code="l">BStack</subfield>
<subfield code="a">DS107</subfield>
<subfield code="b">.R6</subfield>
<subfield code="i">01/01/01 N</subfield>
<subfield code="x">1</subfield>
</datafield>
<datafield tag="AVA" ind1=" " ind2=" ">
<subfield code="a">NYU50</subfield>
<subfield code="b">BOBST</subfield>
<subfield code="c">Main Collection</subfield>
<subfield code="d">DS107 .R6</subfield>
<subfield code="e">unavailable</subfield>
<subfield code="t">Unavailable</subfield>
<subfield code="f">3</subfield>
<subfield code="g">3</subfield>
<subfield code="h">Y</subfield>
<subfield code="i">0</subfield>
<subfield code="j">MAIN</subfield>
<subfield code="k">0</subfield>
</datafield>
</record>
